% This file was created with JabRef 2.10b2.
% Encoding: UTF8

@Manual{sr02/2009,
	title = {Úprava, odevzdávání a zveřejňování vysokoškolských kva\-li\-fi\-kač\-ních prací na VUT v~Brně},
	OPTkey = {•},
	OPTauthor = {•},
	organization = {VUT v Brně},
	address = {Brno},
	OPTedition = {•},
	OPTmonth = {•},
	year = {2009},
	note = {Směrnice rektora č.\,2/2009},
	annote = {[online]},
	URL = {https://www.vutbr.cz/uredni-deska/vnitrni-predpisy-a-dokumenty/smernice-rektora-f34920/}
}

@Misc{boldis,
	OPTkey = {•},
	author = {P. Boldiš},
	title = {Bibliografické citace dokumentů podle {ČSN} {ISO} 690 a {ČSN} ISO 690-2},
	howpublished = {[online]},
	month = {11},
	year = {2004},
	OPTnote = {•},
	OPTannote = {•},
	URL = {<http://www.boldis.cz/citace/citace.html>},
}

%% Příklad citace článku v časopise
@Article{Smekal2002,
  Title                    = {Aktuální trendy architektury signálových procesorů},
  Author                   = {Zdeněk Smékal},
  Journal                  = {Sdělovací technika},
  Year                     = {2002},
  Number                   = {4,5},
  Volume									 = {2002},
  Pages                    = {3--6,16--18},

  ISBN                     = {0036-9942},
}

%% Příklad citace knihy
@Book{Psutka2006,
  Title                    = {Mluvíme s počítačem česky},
  Author                   = {J. Psutka and L. M\"{u}ller and J. Matoušek and V. Radová},
  Publisher                = {Academia},
  Year                     = {2006},

  Address                  = {Praha},
  Edition                  = {1},

  ISBN                     = {80-200-1309-1},
  Pages                    = {752}
}

%% Příklad citace doktorské práce
@PhdThesis{Plsek2004,
  Title                    = {Extrakce řečového signálu z~hluku pozadí ve spektrální oblasti},
  Author                   = {Martin Plšek},
  School                   = {Vysoké učení technické v Brně. Fakulta elektrotechniky a komunikačních technologií},
  Year                     = {2004},
}

%% Příklad citace příspěvku ve sborníku konference
@InProceedings{Rajmic2005,
  Title                    = {Method for Real-time Signal Processing via Wavelet Transform},
  Author                   = {Pavel Rajmic},
  Booktitle                = {Proceedings of the 3th International Conference on Non-Linear Speech Processing},
  Year                     = {2005},

  Address                  = {Barcelona},
  Pages                    = {214-223},
  Publisher                = {Escola Universitaria Politecnica de Mataró},

  ISBN                     = {84-256-1365-5},
}

@Manual{6416_dsk_techref,
  Title                    = {TMS320C6416T DSK: Technical Reference},
  Month                    = {November},
  Organization             = {Spectrum Digital},
  Year                     = {2004},

  Url                      = {http://c6000.spectrumdigital.com/dsk6416/V3/docs/dsk6416_TechRef.pdf}
}

%% Příklad citace manuálu
@Manual{spru234c,
  Title                    = {TMS320C6000 DSP Enhanced Direct Memory Access (EDMA) Controller Reference Guide},
  Month                    = {November},
  Note                     = {spru234c},
  Organization             = {Texas Instruments Inc.},
  Year                     = {2006},
}

%% Příklad citace technické zprávy
@TechReport{Coulson1993,
  Title                    = {Improvement in microphone performance through using a microphone array.},
  Author                   = {A. J. Coulson and R. G. Vaughan},
  Institution              = {Industrial Research Ltd},
  Year                     = {1993},
  Month                    = {June},
}

%% moje zdroje

@soc{BlackBox,
  Title       = {BlackBox},
  Author      = {Tomáš Vavrinec},
  School      = {Střední průmyslová škola a Vyšší odborná škola Brno, Sokolská},
  Year        = {2021},
}


@online{Jaculus,
  url = {https://jaculus.org},
  title = {Jaculus - JavaScript runtime for embedded devices},
  author = {Petr Kubica},
  year = {2023},
}

@online{Servio,
  url = {https://github.com/emsro/servio/tree/main},
  title = {Servio},
  author = {Jan Koniarik},
  year = {2023},
}

@online{PanasonicLiOntReport,
  title       = {OVERCHARGE/OVERDISCHARGE/OVERCURRENT SAFETY CIRCUITS},
  author      = {Panasonic Corporation},
  year        = {2007},
  url         = {https://web.archive.org/web/20101122230718/https://www.panasonic.com/industrial/includes/pdf/Panasonic_LiIon_Charging.pdf}  
}

@online{MokraHorakov,
  author = {VZA BUNKR - Veřejný zábavní areál Horákov},
  title = {Veřejný zábavní areál Bunkr...},
  year = {2022},
  month = {7},
  day = {22},
  url = {https://www.facebook.com/photo/?fbid=479921317466390&set=a.479921297466392},
  urldate = {2023-12-8},
  note = {Příspěvek na Facebooku}
}

@online{SigfoxKonci,
  author = {lupa.cz},
  title = {Sigfox se v Česku odmlčel. Zda je to konec této sítě internetu věcí, její provozovatelé nekomentují},
  year = {2023},
  month = {4},
  day = {21},
  url = {https://www.lupa.cz/aktuality/sigfox-se-v-cesku-odmlcel-zda-je-to-konec-teto-site-internetu-veci-jeji-provozovatele-nekomentuji/},
  note = {2023-12-8}
}

@online{LoRaSEMTECH,
  author = {SEMTECH},
  title = {LoRa™	Modulation	Basics},
  year = {2015},
  month = {4},
  day = {2},
  url = {https://web.archive.org/web/20190718200516/https://www.semtech.com/uploads/documents/an1200.22.pdf},
  note = {2023-12-8}
}

@online{LoRaEMAN,
  author = {Jiří Pech},
  title = {IOT TECHNOLOGIE: LORA A LORAWAN (3/5)},
  year = {2019},
  month = {2},
  day = {19},
  url = {https://www.eman.cz/blog/iot-technologie-lora-a-lorawan-3-5/},
  note = {2023-12-8}
}

@online{LoRaVSNB-IoT,
  author = {LoRa Alliance},
  title = {What Are The Differences Between LoRaWAN And NB-IoT?},
  year = {2023},
  month = {4},
  day = {13},
  url = {https://blog.velosiot.com/difference-between-lorawan-nbiot#:~:text=One%20of%20the%20key%20differences,to%20access%20NB-IoT%20solutions},
  note = {2023-12-8}
}

@online{NB-IoTPokryti,
  author = {Vodafone},
  title = {Sítě NB-IoT a Cat-M pro efektivnější podnikání},
  year = {2023},
  url = {https://www.vodafone.cz/podnikatele/internet-veci/iot-site/},
  year = {2023-12-9},
}



@manual{BQ24179,
  title       = {BQ24179 I2C Controlled, 1- to 4-Cell, 5-A Buck-Boost Battery Charger with Dual-Input Selector},
  author      = {Texas Instruments Incorporated},
  year        = {2022},
  url         = {https://www.ti.com/lit/ds/symlink/bq24179.pdf?ts=1698854511988&ref_url=https%253A%252F%252Fwww.ti.com%252Fpower-management%252Fbattery-management%252Fcharger-ics%252Fproducts.html}
}

@manual{BQ298012,
  title       = {BQ298xyz Voltage, Current, Temperature Protectors with an Integrated High-Side NFET Driver for Fast/Flash Charging Single-Cell Li-Ion and Li-Polymer Batteries},
  author      = {Texas Instruments Incorporated},
  year        = {2022},
  url         = {https://www.ti.com/lit/ds/symlink/bq2980.pdf?ts=1701078971409&ref_url=https%253A%252F%252Fwww.ti.com%252Fproduct%252FBQ2980}
}

@manual{TPS61088,
  title       = {TPS61088 10-A Fully-Integrated Synchronous Boost Converter},
  author      = {Texas Instruments Incorporated},
  year        = {2021},
  url         = {https://www.ti.com/lit/ds/symlink/tps61088.pdf?ts=1698858563376&ref_url=https%253A%252F%252Fwww.google.com%252F}
}

@manual{AP33772,
  title       = {HIGH-PERFORMANCE USB PD SINK CONTROLLER},
  author      = {Diodes Incorporated},
  year        = {2023},
  url         = {https://www.diodes.com/assets/manuals/AP33772.pdf}
}

@manual{LDC1614,
  title       = {LDC1612, LDC1614 Multi-Channel 28-Bit Inductance to Digital Converter (LDC) for Inductive Sensing},
  author      = {Texas Instruments Incorporated},
  year        = {2018},
  url         = {https://1url.cz/rudLI}
}

@manual{ESP32S3-WR,
  title       = {ESP32-S3-WROOM-1},
  author      = {DEspressif Systems Copyright},
  year        = {2023},
  url         = {https://www.espressif.com/sites/default/files/documentation/esp32-s3-wroom-1_wroom-1u_manual_en.pdf}
}

@manual{FFC-konektor,
  title       = {2304231848 JUSHUO-AFC07-S32FCC-00 C11061},
  note        = {FFC konektor},
  author      = {JUSHUC},
  year        = {2004},
  url         = {https://manual.lcsc.com/lcsc/2304231848_JUSHUO-AFC07-S32FCC-00_C11061.pdf}
}

@manual{SIM7600X,
  title       = {SIM7600X-M2HardwareDesign},
  author      = {SIMCom Wireless SolutionsLimited},
  year        = {2020},
  url         = {https://files.waveshare.com/upload/0/02/SIM7600X-M2_Hardware_Design_V1.01.pdf}
}
